@online{StackOverflow_fourier_coeffs,
    author    = "gg349",
    title     = "python - How to calculate a Fourier series in Numpy? - Stack Overflow",
    url       = "https://stackoverflow.com/questions/4258106/how-to-calculate-a-fourier-series-in-numpy",
    note      = "Fourier series coefficient calulation in Python"
}
